@Book{Federer,
  author = 	 {H. Federer},
  title = 	 {Geometric measure theory},
  publisher = 	 {Springer-Verlag},
  year = 	 {1969},
  OPTkey = 	 {},
  series =        {Grund. math. Wiss., Volume 153},
}



@incollection {Schneider,
    AUTHOR = {R. Schneider},
     TITLE = {Convex surfaces, curvature and surface area measures},
 BOOKTITLE = {Handbook of convex geometry, {V}ol.\ {A}, {B}},
     PAGES = {273--299},
 PUBLISHER = {North-Holland, Amsterdam},
      YEAR = {1993},
   MRCLASS = {52A20 (52-02 53C45)},
  MRNUMBER = {1242982},
MRREVIEWER = {P. R. Goodey},
}


@article {Fedcurvature,
    AUTHOR = {H. Federer},
     TITLE = {Curvature measures},
   JOURNAL = {Trans. Amer. Math. Soc.},
  FJOURNAL = {Transactions of the American Mathematical Society},
    VOLUME = {93},
      YEAR = {1959},
     PAGES = {418--491},
      ISSN = {0002-9947},
   MRCLASS = {53.00},
  MRNUMBER = {0110078},
MRREVIEWER = {C. B. Allendoerfer},
}

@article {P2,
    AUTHOR = {G. Perelman},
     TITLE = {{A. D. Alexandrov} spaces with curvature bounded below II},
		  JOURNAL = {preprint},
  YEAR = {1991}
}


@article {P3,
    AUTHOR = {G. Perelman},
     TITLE = {DC-structures on {Alexandrov} spaces},
		  JOURNAL = {preprint, preliminary version},
  YEAR = {1994}
}


@article {LP,
    AUTHOR = {N. Lebedeva and A. Petrunin},
     TITLE = {Curvature tensors on {Alexandrov} spaces},
		  JOURNAL = {In preparation},
  YEAR = {2017}



@article {LNtop,
    AUTHOR = {A. Lytchak and K. Nagano},
     TITLE = {Topological regularity of spaces with an upper curvature bound},
		  JOURNAL = {In preparation},
  YEAR = {2016}


@incollection {Kap,
    AUTHOR = {Kapovitch, Vitali},
     TITLE = {Perelman's stability theorem},
 BOOKTITLE = {Surveys in differential geometry. {V}ol. {XI}},
    SERIES = {Surv. Differ. Geom.},
    VOLUME = {11},
     PAGES = {103-136},
 PUBLISHER = {Int. Press, Somerville, MA},
      YEAR = {2007},
   MRCLASS = {53C23 (53C20 53C21)},
  MRNUMBER = {2408265},
MRREVIEWER = {Yu Ding},
       DOI = {10.4310/SDG.2006.v11.n1.a5},
       URL = {http://dx.doi.org/10.4310/SDG.2006.v11.n1.a5},
}


@article {Berest,
    AUTHOR = {Berestovski{\u\i}, V. N.},
     TITLE = {Borsuk's problem on metrization of a polyhedron},
   JOURNAL = {Dokl. Akad. Nauk SSSR},
  FJOURNAL = {Doklady Akademii Nauk SSSR},
    VOLUME = {268},
      YEAR = {1983},
    NUMBER = {2},
     PAGES = {273--277},
      ISSN = {0002-3264},
   MRCLASS = {51K99 (51M20 54E35)},
  MRNUMBER = {688238},
MRREVIEWER = {H. H. Wicke},
}


@book {BH,
    AUTHOR = {Bridson, Martin R. and Haefliger, Andr{\'e}},
     TITLE = {Metric spaces of non-positive curvature},
    SERIES = {Grundlehren der Mathematischen Wissenschaften [Fundamental
              Principles of Mathematical Sciences]},
    VOLUME = {319},
 PUBLISHER = {Springer-Verlag, Berlin},
      YEAR = {1999},
     PAGES = {xxii+643},
      ISBN = {3-540-64324-9},
   MRCLASS = {53C23 (20F65 53C70 57M07)},
  MRNUMBER = {1744486},
MRREVIEWER = {Athanase Papadopoulos},
       DOI = {10.1007/978-3-662-12494-9},
       URL = {http://dx.doi.org/10.1007/978-3-662-12494-9},
}

@book{ballmannbook,
    AUTHOR = {Ballmann, Werner},
     TITLE = {Lectures on spaces of nonpositive curvature},
    SERIES = {DMV Seminar},
    VOLUME = {25},
      NOTE = {With an appendix by Misha Brin},
 PUBLISHER = {Birkh\"auser Verlag, Basel},
      YEAR = {1995},
     PAGES = {viii+112},
      ISBN = {3-7643-5242-6},
   MRCLASS = {53C21 (58F17)},
  MRNUMBER = {1377265},
MRREVIEWER = {Boris Hasselblatt},
       DOI = {10.1007/978-3-0348-9240-7},
       URL = {http://dx.doi.org/10.1007/978-3-0348-9240-7},
}





@article {Resh-majorization,
    AUTHOR = {Y. Reshetnyak},
     TITLE = {Non-expanding maps in a space of curvature no greater than $K$},
   JOURNAL = {Siberian Math. J.},
  FJOURNAL = {},
    VOLUME = {9},
      YEAR = {1968},
    NUMBER = {},
     PAGES = {918-927},
      ISSN = {},
     CODEN = {},
   MRCLASS = {},
  MRNUMBER = {},
MRREVIEWER = {},
}



@book{Wilder,
      AUTHOR = {Wilder, Raymond Louis},
     TITLE = {Topology of {M}anifolds},
    SERIES = {American Mathematical Society Colloquium Publications, vol.
              32},
 PUBLISHER = {American Mathematical Society, New York, N. Y.},
      YEAR = {1949},
     PAGES = {ix+402},
   MRCLASS = {56.0X},
  MRNUMBER = {0029491},
MRREVIEWER = {E. G. Begle},
}

@book {Hu,
    AUTHOR = {S. Hu},
     TITLE = {Theory of retracts},
      YEAR = {1965},
    publisher = {Wayne State University Press, Detroit},
     PAGES = {},
      ISSN = {},
     CODEN = {},
   MRCLASS = {},
  MRNUMBER = {},
MRREVIEWER = {},
}

@article {LS,
    AUTHOR = {A. Lytchak and V. Schroeder},
     TITLE = {Affine functions on CAT($\kappa$) spaces},
   JOURNAL = {Math. Z.},
  FJOURNAL = {},
    VOLUME = {255},
      YEAR = {2007},
    NUMBER = {},
     PAGES = {231--244},
      ISSN = {},
     CODEN = {},
   MRCLASS = {},
  MRNUMBER = {},
MRREVIEWER = {},
}

@article {eells,
    AUTHOR = {J. Eells  and N. Kuiper},
     TITLE = {Homotopy negligible subsets},
   JOURNAL = {Compositio Mathematica},
  FJOURNAL = {},
    VOLUME = {21},
      YEAR = {1969},
    NUMBER = {},
     PAGES = {155--161},
      ISSN = {},
     CODEN = {},
   MRCLASS = {},
  MRNUMBER = {},
MRREVIEWER = {},
}


@article {mitchel,
    AUTHOR = {W. Mitchel},
     TITLE = {Defining the boundary of a homology manifold},
   JOURNAL = {Proc. Amer. Math. Soc.},
  FJOURNAL = {},
    VOLUME = {110},
      YEAR = {1990},
    NUMBER = {},
     PAGES = {509-513},
      ISSN = {},
     CODEN = {},
   MRCLASS = {},
  MRNUMBER = {},
MRREVIEWER = {},
}

@article {Aleksandrov,
    AUTHOR = {Alexandrow, A. D.},
     TITLE = {\"{U}ber eine {V}erallgemeinerung der {R}iemannschen
              {G}eometrie},
   JOURNAL = {Schr. Forschungsinst. Math.},
    VOLUME = {1},
      YEAR = {1957},
     PAGES = {33--84},
   MRCLASS = {50.0X},
  MRNUMBER = {0087119},
MRREVIEWER = {H. Busemann},
}

@article {Linus,
    AUTHOR = {L. Kramer},
     TITLE = {On the local structure and homology of $CAT(\kappa )$ spaces and buidlings},
   JOURNAL = {Advances in Geometry},
  FJOURNAL = {},
    VOLUME = {11},
      YEAR = {2011},
    NUMBER = {},
     PAGES = {347-369},
      ISSN = {},
}

@article {Diff,
    AUTHOR = {A. Lytchak},
     TITLE = {Differentiation in metric spaces},
   JOURNAL = {Algebra i Analiz},
  FJOURNAL = {},
    VOLUME = {16},
      YEAR = {2004},
    NUMBER = {},
     PAGES = {128-161},
      ISSN = {},
     CODEN = {},
   MRCLASS = {},
  MRNUMBER = {},
MRREVIEWER = {},
}


@book {BBI01,
    AUTHOR = {Burago, Dmitri and Burago, Yuri and Ivanov, Sergei},
     TITLE = {A course in metric geometry},
    SERIES = {Graduate Studies in Mathematics},
    VOLUME = {33},
 PUBLISHER = {American Mathematical Society, Providence, RI},
      YEAR = {2001},
     PAGES = {xiv+415},
      ISBN = {0-8218-2129-6},
   MRCLASS = {53C23},
  MRNUMBER = {1835418 (2002e:53053)},
MRREVIEWER = {Mario Bonk},
}


@article {AKP,
    AUTHOR = { Alexander, Stephanie and Kapovitch, Vitali  and Petrunin, Anton},
     TITLE = {Alexandrov geometry},
   JOURNAL = {preprint, https://www.math.psu.edu/petrunin/papers/alexandrov-geometry/},
YEAR = {2016},
}



@article{ballmann,
    AUTHOR = {W. Ballmann},
     TITLE = {On the geometry of metric spaces},
     JOURNAL= {Preprint, lecture notes,           http://people.mpim-bonn.mpg.de/hwbllmnn/archiv/sin40827.pdf},
  YEAR = {2004},
}


@article {alexander,
    AUTHOR = {S. Alexander and  R. Bishop},
     TITLE = {Curvature bounds for wrapped products in metrics spaces},
   JOURNAL = {Geom. Funct. Anal.},
  FJOURNAL = {},
    VOLUME = {14},
      YEAR = {2004},
    NUMBER = {},
     PAGES = {1143-1181},
      ISSN = {},
     CODEN = {},
   MRCLASS = {},
  MRNUMBER = {},
MRREVIEWER = {},
}




@article {Lytb,
    AUTHOR = {A.  Lytchak},
     TITLE = {Rigidity of spherical buildings and joins},
   JOURNAL = {Geom. Funct. Anal.},
  FJOURNAL = {},
    VOLUME = {15},
      YEAR = {2005},
    NUMBER = {},
     PAGES = {720-752},
      ISSN = {},
     CODEN = {},
   MRCLASS = {},
  MRNUMBER = {},
MRREVIEWER = {},
}






@Article{repo,
  author = 	 {R. Daverman and D Repovs},
  title = 	 {General position properties that c
haracterize $3$-manifolds},
  journal = 	 {Canad. J. Math.},
  year = 	 {1992},
  OPTkey = 	 {},
  volume = 	 {44},
  OPTnumber = 	 {},
  pages = 	 {234-251},
  OPTmonth = 	 {},
  OPTnote = 	 {},
  OPTannote = 	 {}
}

@Article{Palais,
  author = 	 {R. Palais},
  title = 	 {Homotopy theory of infinite dimensional manifolds},
  journal = 	 {Topology},
  year = 	 { 1966},
  OPTkey = 	 {},
  volume = 	 {5},
  OPTnumber = 	 {},
  pages = 	 {1-16},
  OPTmonth = 	 {},
  OPTnote = 	 {},
  OPTannote = 	 {}
}

@Article{Mitch,
  author = 	 {W. Mitchell},
  title = 	 { Defining the boundary of a homology manifold},
  journal = 	 { Proc. Amer. Math. Soc.},
  year = 	 {1990},
  OPTkey = 	 {},
  volume = 	 {110},
  OPTnumber = 	 {},
  pages = 	 {509-513},
  OPTmonth = 	 {},
  OPTnote = 	 {},
  OPTannote = 	 {}
}

@Article{Duj,
  author = 	 {J. Dugundji},
  title = 	 {An extension of Tietze's theorem},
  journal = 	 {Pacific J. Math.},
  year = 	 {1951},
  OPTkey = 	 {},
  volume = 	 {1},
  OPTnumber = 	 {},
  pages = 	 {353-367},
  OPTmonth = 	 {},
  OPTnote = 	 {},
  OPTannote = 	 {}
}

@Article{daver,
  author = 	 {R. Daverman},
  title = 	 {Detecting the disjoint disks property},
  journal = 	 { Pacific J. Math},
  year = 	 {1981},
  OPTkey = 	 {},
  volume = 	 {93},
  OPTnumber = 	 {},
  pages = 	 {277-298},
  OPTmonth = 	 {},
  OPTnote = 	 {},
  OPTannote = 	 {}
}

@Article{Kleiner,
  author = 	 {B. Kleiner},
  title = 	 {The local structure of length spaces
      with curvature bounded above},
  journal = 	 { Math. Z.},
  year = 	 {1999},
  OPTkey = 	 {},
  volume = 	 {231},
  OPTnumber = 	 {},
  pages = 	 {409--456},
  OPTmonth = 	 {},
  OPTnote = 	 {},
  OPTannote = 	 {}
}

@Article{bestv,
  author = 	 {M. Bestvina and G. Mess},
  title = 	 {The boundary of negatively curved groups},
  journal = 	 { J. Amer. Math. Soc.},
  year = 	 {1991},
  OPTkey = 	 {},
  OPTvolume = 	 {},
  OPTnumber = 	 {},
  pages = 	 {469-481},
  OPTmonth = 	 {},
  OPTnote = 	 {},
  OPTannote = 	 {}
}

@Article{BGP,
  author = 	 {Y. Burago and M. Gromov and G. Perelmann},
  title = 	 {A.{D}.{Alexandrov} spaces with curvatures bounded below},
  journal = 	 {Russian Math. Surveys},
  year = 	 {1992},
  OPTkey = 	 {},
  volume = 	 {47},
  number = 	 {2},
  pages = 	 {1-58},
  OPTmonth = 	 {},
  OPTnote = 	 {},
  OPTannote = 	 {}
}


@Article{thurston,
  author = 	 {P. Thurston},
  title = 	 {$CAT(0)$ $4$-manifolds possessing a single tame point
are Euclidean},
  journal = 	 {J. Geom. Anal.},
  year = 	 {1997},
  OPTkey = 	 {},
  volume = 	 {6},
  OPTnumber = 	 {},
  pages = 	 {475-494},
  OPTmonth = 	 {},
  OPTnote = 	 {},
  OPTannote = 	 {}
}



@Inproceedings{
  author = 	 {A. D. Alexandrov and V. N. Berestovski\v{i}},
  title = 	 {Riemannian spaces, generalized, [Russian]},
  booktitle = 	 {Mathematical Encyclopedia, vol.~4},
  year = 	 {????},
  OPTkey = 	 {},
  volume = 	 {4},
  OPTnumber = 	 {},
  pages = 	 {1022-1026},
  OPTmonth = 	 {},
  note = 	 {translation in
Encyclopedia of Math. Sciences, vol.~8,
Kluwer Academic Publishers,
Dordrecht-Boston-London,
pp.~150--152.},
  OPTannote = 	 {}
}

@Article{
  author = 	 {V. N. Berestovski\v{i}},
  title = 	 {Manifolds with intrinsic metric of curvature bounded from one side
in the sense of A. D. Aleksandrov, [Russian]},
  journal = 	 {Mat. Fiz. Anal. Geom.},
  year = 	 {1994},
  OPTkey = 	 {},
  volume = 	 {1},
  number = 	 {1},
  pages = 	 {41-59},
  OPTmonth = 	 {},
  OPTnote = 	 {},
  OPTannote = 	 {}
}

@Article{
  author = 	 {V. N. Berestovski\v{i}},
  title = 	 {Pathologies in Alexandrov spaces with curvature bounded above},
  journal = 	 {Siberian Adv. Math.},
  year = 	 {2002},
  OPTkey = 	 {},
  volume = 	 {12},
  number = 	 {4},
  pages = 	 {1-18},
  OPTmonth = 	 {},
  OPTnote = 	 {},
  OPTannote = 	 {}
}

@article {Bonk-Lang,
    AUTHOR = {Bonk, Mario and Lang, Urs},
     TITLE = {Bi-{L}ipschitz parameterization of surfaces},
   JOURNAL = {Math. Ann.},
  FJOURNAL = {Mathematische Annalen},
    VOLUME = {327},
      YEAR = {2003},
    NUMBER = {1},
     PAGES = {135--169},
      ISSN = {0025-5831},
     CODEN = {MAANA},
   MRCLASS = {53C45 (53C23)},
  MRNUMBER = {2006006},
MRREVIEWER = {Athanase Papadopoulos},
       DOI = {10.1007/s00208-003-0443-8},
       URL = {http://dx.doi.org/10.1007/s00208-003-0443-8},
}
		




@Book{
  author = 	 {M. R. Bridson and A. Haefliger},
  title = 	 {Metric spaces of non-positive curvature},
  publisher = 	 {Springer-Verlag},
  year = 	 {1999},
  OPTkey = 	 {},
  series =        {Grund. math. Wiss., Volume 319}
}

@Article{
  author = 	 {Yu. D. Burago and S. V. Buyalo},
  title = 	 {Metrics of upper bounded curvature on $2$-polyhedra. II},
  journal = 	 {St. Petersburg Math. J.},
  year = 	 {1999},
  OPTkey = 	 {},
  volume = 	 {10},
  number = 	 {4},
  pages = 	 {619-650},
  OPTmonth = 	 {},
  OPTnote = 	 {},
  OPTannote = 	 {}
}

@Unpublished{
  author = 	 {S. V. Buyalo},
  title = 	 {Lectures on spaces of curvature bounded above},
  note = 	 {based on the lectures held at UIUC},
  OPTkey = 	 {},
  OPTmonth = 	 {},
  year = 	 {1994},
  OPTannote = 	 {}
}

@Inproceedings{
  author = 	 {J. W. Cannon and J. L. Bryant and R. C. Lacher},
  title = 	 {The structure of generalized manifolds having nonmanifold set
of trivial dimension},
  booktitle = 	 {Geometric Topology},
  editor = {J. C. Cantrell},
  year = 	 {1979},
  OPTkey = 	 {},
  OPTseries = {},
  OPTvolume = 	 {},
  publisher =         {Academic Press},
  OPTnumber = 	 {},
  pages = 	 {261-300},
  OPTmonth = 	 {},
  OPTnote = 	 {},
  OPTannote = 	 {}
}

@Book{
  author = 	 {R. Daverman},
  title = 	 {Decomposition of manifolds},
 publisher = {Academic Press},
  year = 	 {1986},
  OPTkey = 	 {},
  series = 	 {Pure and applied mathematics, Vol. 124},
  OPTnumber = 	 {},
  OPTpages = 	 {},
  OPTmonth = 	 {},
  OPTnote = 	 {},
  OPTannote = 	 {}
}


@Article{
  author = 	 {M. H. Freedman},
  title = 	 {The topology of four-manifolds},
  journal = 	 {J. Differential Geom.},
  year = 	 {1982},
  OPTkey = 	 {},
  volume = 	 {17},
  OPTnumber = 	 {},
  pages = 	 {357-453},
  OPTmonth = 	 {},
  OPTnote = 	 {},
  OPTannote = 	 {}
}

@Article{
  author = 	 {K. Grove and P. Petersen},
  title = 	 {A radius sphere theorem},
  journal = 	 {Invent. Math.},
  year = 	 {1993},
  OPTkey = 	 {},
  volume = 	 {112},
  OPTnumber = 	 {},
  pages = 	 {577-583},
  OPTmonth = 	 {},
  OPTnote = 	 {},
  OPTannote = 	 {}
}

@Article{
  author = 	 {K. Grove and P. Petersen and Wu},
  title = 	 {Gromov-Hausdorff convergence via controlled topology},
  journal = 	 {Invent. Math.},
  year = 	 {1990},
  OPTkey = 	 {},
  volume = 	 {99},
  OPTnumber = 	 {},
  pages = 	 {205-213},
  OPTmonth = 	 {},
  note = 	 {Erratum: Invent. Math. {\bf 104} (1991), 221--222.
},
  OPTannote = 	 {}
}

@Article{
  author = 	 {K. Grove and P. Petersen},
  title = 	 {A radius sphere theorem},
  journal = 	 {Invent. Math.},
  year = 	 {1993},
  OPTkey = 	 {},
  volume = 	 {112},
  OPTnumber = 	 {},
  pages = 	 {577-583},
  OPTmonth = 	 {},
  OPTnote = 	 {},
  OPTannote = 	 {}
}

@Article{
  author = 	 {K. Nagano},
  title = 	 {Asymptotic rigidity of Hadamard $2$-spaces},
  journal = 	 {J. Math. Soc. Japan},
  year = 	 {2000},
  OPTkey = 	 {},
  volume = 	 {52},
  number = 	 {4},
  pages = 	 {699-723},
  OPTmonth = 	 {},
  OPTnote = 	 {},
  OPTannote = 	 {}
}

@Article{
  author = 	 {K. Nagano},
  title = 	 {A volume convergence theorem
for Alexandrov spaces with curvature bounded above},
  journal = 	 {Math. Z.},
  year = 	 {2002},
  OPTkey = 	 {},
  volume = 	 {241},
  OPTnumber = 	 {},
  pages = 	 {127-163},
  OPTmonth = 	 {},
  OPTnote = 	 {},
  OPTannote = 	 {}
}

@Inproceedings{Otsu,
  author = 	 {Y. Otsu},
  title = 	 {Differential geometric aspects of Alexandrov spaces},
  booktitle = 	 {Comparison Geometry},
  editor = {K. Grove and P. Petersen},
  year = 	 {1997},
  OPTkey = 	 {},
  series = {M.S.R.I. Publ.},
  volume = 	 {30},
  publisher =         {Cambridge Univ. Press},
  OPTnumber = 	 {},
  pages = 	 {135-148},
  OPTmonth = 	 {},
  OPTnote = 	 {},
  OPTannote = 	 {}
}

@Unpublished{
  author = 	 {Y. Otsu and H. Tanoue},
  title = 	 {The Riemannian structure of Alexandrov spaces
with curvature bounded above},
  OPTnote = 	 {},
  OPTkey = 	 {},
  OPTmonth = 	 {},
  OPTyear = 	 {},
  OPTannote = 	 {}
}


@Article{Petersen
  author = 	 {P. Petersen},
  title = 	 {A finiteness theorem for metric spaces},
  journal = 	 {J. Differential Geom.},
  year = 	 {1990},
  OPTkey = 	 {},
  volume = 	 {31},
  OPTnumber = 	 {},
  pages = 	 {387-395},
  OPTmonth = 	 {},
  OPTnote = 	 {},
  OPTannote = 	 {}
}

@Inproceedings{PetersenG
  author = 	 {P. Petersen},
  title = 	 {Gromov-Hausdorff convergence of metric spaces},
  booktitle = 	 {Differential Geometry: Riemannian Geometry},
  OPTeditor = {},
  year = 	 {1997},
  OPTkey = 	 {},
  series = {Proc. Symp. Pure Math.},
  volume = 	 {54},
  OPTpublisher =         {},
  number = 	 {3},
  pages = 	 {489-504},
  OPTmonth = 	 {},
  OPTnote = 	 {},
  OPTannote = 	 {}
}


@article {Petparallel,
    AUTHOR = {Petrunin, A.},
     TITLE = {Parallel transportation for {A}lexandrov space with curvature
              bounded below},
   JOURNAL = {Geom. Funct. Anal.},
  FJOURNAL = {Geometric and Functional Analysis},
    VOLUME = {8},
      YEAR = {1998},
    NUMBER = {1},
     PAGES = {123--148},
      ISSN = {1016-443X},
     CODEN = {GFANFB},
   MRCLASS = {53C23},
  MRNUMBER = {1601854},
MRREVIEWER = {Takashi Shioya},
       DOI = {10.1007/s000390050050},
       URL = {http://dx.doi.org/10.1007/s000390050050},
}



@Article{
  author = 	 {F. Quinn},
  title = 	 {Ends of maps, I},
  journal = 	 {Ann. of Math.},
  year = 	 {1979},
  OPTkey = 	 {},
  volume = 	 {110},
  OPTnumber = 	 {},
  pages = 	 {275-311},
  OPTmonth = 	 {},
  OPTnote = 	 {},
  OPTannote = 	 {}
}

@Article{
  author = 	 {F. Quinn},
  title = 	 {Ends of maps, III},
  journal = 	 {J. Differential Geom.},
  year = 	 {1982},
  OPTkey = 	 {},
  volume = 	 {17},
  OPTnumber = 	 {},
  pages = 	 {503-521},
  OPTmonth = 	 {},
  OPTnote = 	 {},
  OPTannote = 	 {}
}

@Article{
  author = 	 {F. Quinn},
  title = 	 {Resolutions of homology manifolds,
and the topological characterizations of manifolds},
  journal = 	 {Invent. Math.},
  year = 	 {1983},
  OPTkey = 	 {},
  volume = 	 {72},
  OPTnumber = 	 {},
  pages = 	 {267-284},
  OPTmonth = 	 {},
  OPTnote = 	 {},
  OPTannote = 	 {}
}

@Article{
  author = 	 {F. Quinn},
  title = 	 {An obstruction to the resolution of homology manifolds},
  journal = 	 {Michigan Math. J.},
  year = 	 {1987},
  OPTkey = 	 {},
  volume = 	 {34},
  OPTnumber = 	 {},
  pages = 	 {285-291},
  OPTmonth = 	 {},
  OPTnote = 	 {},
  OPTannote = 	 {}
}

@Article{
  author = 	 {D. Rolfsen},
  title = 	 {Strongly convex metrics in cells},
  journal = 	 {Bull. Amer. Math. Soc.},
  year = 	 {1978},
  OPTkey = 	 {},
  volume = 	 {68},
  OPTnumber = 	 {},
  pages = 	 {171-175},
  OPTmonth = 	 {},
  OPTnote = 	 {},
  OPTannote = 	 {}
}

@Article{
  author = 	 {J. Stallings},
  title = 	 {The piecewise-linear structure of Euclidean spaces},
  journal = 	 {Proc. Cambridge Phil. Soc.},
  year = 	 {1962},
  OPTkey = 	 {},
  volume = 	 {58},
  OPTnumber = 	 {},
  pages = 	 {481-488},
  OPTmonth = 	 {},
  OPTnote = 	 {},
  OPTannote = 	 {}
}

@Inproceedings{
  author = 	 {S. Weinbuger},
  title = 	 {Homology manifolds},
  booktitle = 	 {Handbook of geometric topology},
  editor = {R. J. Daverman and R. B. Sher},
  year = 	 {2002},
  OPTkey = 	 {},
  OPTseries = {},
  OPTvolume = 	 {},
  publisher =         {North-Holland},
  OPTnumber = 	 {},
  pages = 	 {1085-1102},
  OPTmonth = 	 {},
  OPTnote = 	 {},
  OPTannote = 	 {}
}

@Article{
  author = 	 {J. Y. Wu},
  title = 	 {Topological regularity theorems for Alexandrov spaces},
  journal = 	 {J. Math. Soc. Japan},
  year = 	 {1997},
  OPTkey = 	 {},
  volume = 	 {49},
  number = 	 {4},
  pages = 	 {741-757},
  OPTmonth = 	 {},
  OPTnote = 	 {},
  OPTannote = 	 {}
}

@incollection{Reshetnyak-GeomIV,
	Author = {Reshetnyak, Yu. G.},
	Booktitle = {Geometry, {IV}},
	Doi = {10.1007/978-3-662-02897-1_1},
	Mrclass = {53C20 (53C21)},
	Mrnumber = {1263964},
	Pages = {3--163, 245--250},
	Publisher = {Springer, Berlin},
	Series = {Encyclopaedia Math. Sci.},
	Title = {Two-dimensional manifolds of bounded curvature},
	Url = {http://dx.doi.org/10.1007/978-3-662-02897-1_1},
	Volume = {70},
	Year = {1993},
	Bdsk-Url-1 = {http://dx.doi.org/10.1007/978-3-662-02897-1_1}}

@unpublished{Per-DC,
	Author = {Perelman, G.},
	Date-Added = {2011-08-07 15:43:04 -0400},
	Date-Modified = {2011-08-07 15:43:04 -0400},
	Note = {preprint, http://www.math.psu.edu/petrunin/papers/papers.html},
	Title = {{DC} structure on {A}lexandrov space with curvature bounded below.},
	Url = {http://www.math.psu.edu/petrunin/papers/papers.html},
	Year = {1995},
	Bdsk-Url-1 = {http://www.math.psu.edu/petrunin/papers/papers.html}}


@unpublished{PP,
	Author = {Perelman, G. and Petrunin, A.},
	Date-Added = {2011-08-07 15:43:04 -0400},
	Date-Modified = {2011-08-07 15:43:04 -0400},
	Note = {preprint, http://www.math.psu.edu/petrunin/papers/papers.html},
	Title = {Quasigeodesics and Gradient curves in Alexandrov spaces},
	Year = {1996}}
